<record><leader>00000cas a22000007a 4500</leader><controlfield tag="001">11832172</controlfield><controlfield tag="008">850321d19331990aluwr ne      0    0eng d</controlfield><datafield ind1=" " ind2=" " tag="010"><subfield code="a">sn 85044702 </subfield></datafield><datafield ind1=" " ind2=" " tag="040"><subfield code="a">AAA</subfield><subfield code="b">eng</subfield><subfield code="c">AAA</subfield><subfield code="d">CPN</subfield><subfield code="d">NSD</subfield><subfield code="d">OCLCQ</subfield></datafield><datafield ind1=" " ind2=" " tag="042"><subfield code="a">msc</subfield></datafield><datafield ind1="0" ind2="4" tag="245"><subfield code="a">The Lineville tribune.</subfield></datafield><datafield ind1=" " ind2=" " tag="260"><subfield code="a">Lineville, Ala. :</subfield><subfield code="b">Mac Perry and Tom Ham,</subfield><subfield code="c">1933-1990.</subfield></datafield><datafield ind1=" " ind2=" " tag="300"><subfield code="a">v. :</subfield><subfield code="b">ill. ;</subfield><subfield code="c">58 cm.</subfield></datafield><datafield ind1=" " ind2=" " tag="310"><subfield code="a">Weekly</subfield></datafield><datafield ind1="0" ind2=" " tag="362"><subfield code="a">Vol. 31, no. 7 (May 18, 1933)-v. 80, no. 25 (Aug. 30, 1990).</subfield></datafield><datafield ind1=" " ind2=" " tag="752"><subfield code="a">United States</subfield><subfield code="b">Alabama</subfield><subfield code="c">Clay</subfield><subfield code="d">Lineville.</subfield></datafield><datafield ind1="0" ind2="0" tag="780"><subfield code="t">Lineville headlight</subfield><subfield code="w">(DLC)sn 85044936</subfield></datafield><datafield ind1="0" ind2="7" tag="785"><subfield code="t">Ashland progress</subfield><subfield code="w">(DLC)sn 85044701</subfield></datafield><datafield ind1="0" ind2="7" tag="785"><subfield code="t">Clay times-journal</subfield><subfield code="x">1053-9123</subfield><subfield code="w">(DLC)sn 90099011</subfield></datafield></record>